<?xml version="1.0" encoding="UTF-8"?><collection xmlns="http://www.loc.gov/MARC21/slim"><record><leader>00541nam--2200181-i-4500</leader><controlfield tag="001">000006793</controlfield><controlfield tag="002">20161230</controlfield><controlfield tag="005">20161230201027</controlfield><controlfield tag="008">060222s1000------------r-----000-0-eng-d</controlfield><datafield ind1=" " ind2=" " tag="040"><subfield code="a">IFIN-HH</subfield></datafield><datafield ind1=" " ind2=" " tag="080"><subfield code="a">621.039:623.424.8</subfield></datafield><datafield ind1="1" ind2=" " tag="100"><subfield code="a">Dean, Gordon</subfield></datafield><datafield ind1="1" ind2="0" tag="245"><subfield code="a">Atom. waffen oder isotope?</subfield><subfield code="b">Aufbruch in ein neu es zeitalter</subfield><subfield code="c">Gordon dean</subfield></datafield><datafield ind1=" " ind2=" " tag="260"><subfield code="a">Wien</subfield><subfield code="b">Bohman Industrie Und Fechverlag</subfield><subfield code="c">1955</subfield></datafield><datafield ind1=" " ind2=" " tag="300"><subfield code="a">276 P</subfield></datafield><datafield ind1=" " ind2=" " tag="500"><subfield code="a">Titlul Original In Liba Engleza: Report On The Atom</subfield></datafield><datafield ind1=" " ind2=" " tag="852"><subfield code="a">11116</subfield><subfield code="c">539</subfield></datafield><datafield ind1=" " ind2=" " tag="CAT"><subfield code="a">Sys</subfield><subfield code="c">20110923</subfield><subfield code="h">093502</subfield></datafield></record></collection>